<?xml version="1.0" encoding="UTF-8"?><collection xmlns="http://www.loc.gov/MARC21/slim"><record><leader>00363nam--2200133-i-4500</leader><controlfield tag="001">000027114</controlfield><controlfield tag="002">20161230</controlfield><controlfield tag="005">20161230201036</controlfield><controlfield tag="008">060222s1000------------r-----000-0-eng-d</controlfield><datafield ind1=" " ind2=" " tag="020"><subfield code="a">BUCURESTI,EDITURA ENCICLOPEDICA ROMANA, 1969. XVI+615P</subfield></datafield><datafield ind1=" " ind2=" " tag="100"><subfield code="a">Matei, Horia C</subfield></datafield><datafield ind1=" " ind2=" " tag="245"><subfield code="a">Constantiniu, florin</subfield></datafield><datafield ind1=" " ind2=" " tag="260"><subfield code="a">Nicolescu, Nicolae C</subfield></datafield><datafield ind1=" " ind2=" " tag="490"><subfield code="a">Istoria Lumii In Date</subfield></datafield></record></collection>